<record><leader>00000cas a22000007a 4500</leader><controlfield tag="001">9303737</controlfield><controlfield tag="008">830311d18331833maudn ne      0    0eng d</controlfield><datafield ind1=" " ind2=" " tag="010"><subfield code="a">sn 83045017 </subfield></datafield><datafield ind1=" " ind2=" " tag="040"><subfield code="a">CRL</subfield><subfield code="b">eng</subfield><subfield code="c">CRL</subfield><subfield code="d">NPW</subfield><subfield code="d">NPX</subfield><subfield code="d">DLC</subfield><subfield code="d">NYS</subfield><subfield code="d">MGN</subfield><subfield code="d">CNW</subfield><subfield code="d">MGN</subfield><subfield code="d">OCL</subfield><subfield code="d">OCLCG</subfield><subfield code="d">OCLCF</subfield><subfield code="d">OCLCO</subfield></datafield><datafield ind1="1" ind2=" " tag="029"><subfield code="a">AU@</subfield><subfield code="b">000025808166</subfield></datafield><datafield ind1=" " ind2=" " tag="042"><subfield code="a">msc</subfield></datafield><datafield ind1=" " ind2=" " tag="043"><subfield code="a">n-us-ma</subfield></datafield><datafield ind1="0" ind2="0" tag="050"><subfield code="a">Newspaper 8160-X</subfield></datafield><datafield ind1="0" ind2=" " tag="130"><subfield code="a">Boston mercantile journal (Boston, Mass. : 1833)</subfield></datafield><datafield ind1="0" ind2="0" tag="245"><subfield code="a">Boston mercantile journal.</subfield></datafield><datafield ind1=" " ind2=" " tag="260"><subfield code="a">Boston [Mass.] :</subfield><subfield code="b">J. Ford &amp; Co.,</subfield><subfield code="c">1833.</subfield></datafield><datafield ind1=" " ind2=" " tag="300"><subfield code="a">v. ; 43 cm.</subfield></datafield><datafield ind1=" " ind2=" " tag="310"><subfield code="a">Daily (except Sun.)</subfield></datafield><datafield ind1="0" ind2=" " tag="362"><subfield code="a">Vol. 1, no. 1 (Jan. 30, 1833)-v. 1, no. 258 (Dec. 31, 1833).</subfield></datafield><datafield ind1=" " ind2=" " tag="500"><subfield code="a">Publishers: Ford &amp; Damrell, Mar. 11-Dec. 31, 1833.</subfield></datafield><datafield ind1=" " ind2=" " tag="500"><subfield code="a">Editor: B.B. Thatcher, May 13-Dec. 31, 1833.</subfield></datafield><datafield ind1=" " ind2=" " tag="515"><subfield code="a">Suspended Feb. 8; resumed Mar. 4.</subfield></datafield><datafield ind1=" " ind2=" " tag="515"><subfield code="a">Feb. 8 issue is called v. 1, no. 1, 2nd ed.</subfield></datafield><datafield ind1=" " ind2=" " tag="580"><subfield code="a">Weekly ed.: Spirit of the age (Boston, Mass.), Mar.-May 16, 1833, and: Spirit of the age, and journal of humanity, May 23-Dec. 1833.</subfield></datafield><datafield ind1=" " ind2="0" tag="651"><subfield code="a">Boston (Mass.)</subfield><subfield code="v">Newspapers.</subfield></datafield><datafield ind1=" " ind2="7" tag="655"><subfield code="a">Newspapers.</subfield><subfield code="2">fast</subfield><subfield code="0">(OCoLC)fst01423814</subfield></datafield><datafield ind1=" " ind2="7" tag="651"><subfield code="a">Massachusetts</subfield><subfield code="z">Boston.</subfield><subfield code="2">fast</subfield><subfield code="0">(OCoLC)fst01205012</subfield></datafield><datafield ind1="1" ind2=" " tag="700"><subfield code="a">Thatcher, B. B.</subfield><subfield code="q">(Benjamin Bussey),</subfield><subfield code="d">1809-1840.</subfield></datafield><datafield ind1=" " ind2=" " tag="752"><subfield code="a">United States</subfield><subfield code="b">Massachusetts</subfield><subfield code="c">Suffolk</subfield><subfield code="d">Boston.</subfield></datafield><datafield ind1="1" ind2=" " tag="775"><subfield code="t">Spirit of the age (Boston, Mass.)</subfield><subfield code="w">(DLC)sn 94053265</subfield></datafield><datafield ind1="1" ind2=" " tag="775"><subfield code="t">Spirit of the age, and journal of humanity</subfield><subfield code="w">(DLC)sn 84023758</subfield></datafield><datafield ind1="0" ind2="0" tag="785"><subfield code="t">Evening mercantile journal (Boston, Mass. : Daily)</subfield><subfield code="w">(DLC)sn 84022617</subfield></datafield></record>